@online{cad_turret_blueprint,
  author  = {Elephant333},
  title   = {Nerf Turret - Modular Arduino Tank (M.A.T)},
  date    = {2022-05-26},
  url     = {https://www.thingiverse.com/thing:4870102/files},
  urldate = {2025-07-01}
}

@online{cad_flywheel_blueprint,
  author  = {Higany},
  title   = {Holder for XY-MOS D4184 Power MOSFET breakout module},
  date    = {2023-01-01},
  url     = {https://www.printables.com/model/355368-holder-for-xy-mos-d4184-power-mosfet-breakout-modu},
  urldate = {2025-07-01}
}

@online{cad_esp_case_blueprint,
  author  = {Arnoud Whizzbizz},
  title   = {Case and camera clip for Freenove Breakout Board for ESP32 / ESP32-S3},
  date    = {2024-01-15},
  url     = {https://www.printables.com/model/723594-case-and-camera-clip-for-freenove-breakout-board-f},
  urldate = {2025-07-01}
}

@online{esp_esp_idf,
  title   = {Getting Started with ESP-IDF},
  url     = {https://idf.espressif.com/},
  urldate = {2025-07-01}
}

@online{esp_platform_flywheel_motor,
  title    = {DC Toy / Hobby Motor - 130 Size},
  url      = {https://www.adafruit.com/product/711},
  url-date = {2025-07-01}
}

@online{esp_platform_flywheel_driver,
  title    = {Power Mosfet Module 15A 400W},
  url      = {https://makershop.ie/xy-mos},
  url-date = {2025-07-01}
}

@online{esp_platform_small_servo,
  title    = {TowerPro MG92B Servo},
  url      = {https://servodatabase.com/servo/towerpro/mg92b},
  url-date = {2025-07-01}
}

@online{esp_platform_servo,
  title    = {TowerPro MG996R Servo},
  url      = {https://servodatabase.com/servo/towerpro/mg996r},
  url-date = {2025-07-01}
}

@online{esp_datasheet,
  author   = {Espressif},
  title    = {ESP32 Series Datasheet},
  url      = {https://www.espressif.com/sites/default/files/documentation/esp32_datasheet_en.pdf},
  url-date = {2025-07-01}
}

@online{esp_pca9685_blueprint,
  author   = {Jacques Supcik},
  title    = {ESP/IDF PCA9685 I2C PWM Driver},
  date     = {2024-10-19},
  url      = {https://github.com/supcik/idf-pca9685},
  url-date = {2025-07-01}
}

@online{esp_pca9685_datasheet,
  author   = {NXP Semiconductors},
  title    = {PCA9685 Product data sheet},
  date     = {2015-04-16},
  url      = {https://cdn-shop.adafruit.com/datasheets/PCA9685.pdf},
  url-date = {2025-07-01}
}

@online{raspberry_invensense_mpu6050_datasheet,
  author   = {InvenSense, Inc.},
  title    = {MPU-6000 and MPU-6050 Product Specification},
  date     = {2013-08},
  url      = {https://invensense.tdk.com/wp-content/uploads/2015/02/MPU-6000-Datasheet1.pdf},
  url-date = {2025-07-01}
}

@online{raspberry_matlab_atan2,
  author   = {{MathWorks}},
  title    = {atan2},
  url      = {https://www.mathworks.com/help/matlab/ref/double.atan2.html},
  url-date = {2025-07-02}
}

@online{raspberry_rwth_kalman_2025,
  author      = {RWTH Aachen},
  title       = {Kalmanfilter},
  url         = {https://www.irt.rwth-aachen.de/global/show_document.asp?id=aaaaaaaacdvoafc},
  url-date    = {2025-07-02},
  institution = {RWTH Aachen University}
}
